@book{papert1980mindstorms,
 author = {Papert, Seymour},
 title = {Mindstorms: Children, Computers, and Powerful Ideas},
 year = {1980},
 isbn = {0-465-04627-4},
 publisher = {Basic Books, Inc.},
 address = {New York, NY, USA},
 pages = {230},
} 

@article{litvinov2013robots,
	title={Реализация визуальных средств программирования роботов для изучения информатики в школах},
	author={Ю.В. Литвинов},
	journal={Компьютерные инструменты в образовании},
	number={1},
	address={СПб.},
	year={2013},
	pages={36--45},
	language={russian},
}

@inproceedings{litvinov2012robots,
  title={Визуальные средства программирования роботов и их использование в школах},
  author={Ю.В. Литвинов},
  booktitle={Современные информационные технологии и ИТ-образование, сборник избранных трудов VII Международной научно - практической конференции},
  address={М.},
  publisher={ИНТУИТ.РУ},
  year={2012},
  pages={858--868},
  language={russian},
}

@article{portsmore1999robolab,
  title={ROBOLAB: Intuitive Robotic Programming Software to Support Life Long Learning},
  author={Portsmore, M.},
  journal={APPLE Learning Technology Review},
  year={1999},
}

@inproceedings{sokovikova2012qrealrobots,
  title={Usability в проекте QReal:Robots},
  author={Соковикова, Н.А.},
  booktitle={Список-2012: Материалы всероссийской научной конференции по проблемам информатики. 25-27 апр. 2012г},
  year={2012},
  address={СПб.},
  publisher={Изд-во ВВМ},
  pages={66--69},
  language={russian},
}

@inproceedings{kodosky1991visual,
  title={Visual programming using structured data flow},
  author={Kodosky, Jeffrey and MacCrisken, Jack and Rymar, Gary},
  booktitle={Visual Languages, 1991., Proceedings. 1991 IEEE Workshop on},
  pages={34--39},
  year={1991},
  organization={IEEE}
}

@article{cyr1997low,
  title={A low-cost, innovative methodology for teaching engineering through experimentation},
  author={Cyr, M. and Miragila, V. and Nocera, T. and Rogers, C.},
  address={Washington},
  journal={Journal of Engineering Education},
  volume={86},
  pages={167--172},
  year={1997},
  publisher={American Society for Engineering Education}
}

@article{stefanovic2011labview,
  title={A LabVIEW-based remote laboratory experiments for control engineering education},
  author={Stefanovic, Miladin and Cvijetkovic, Vladimir and Matijevic, Milan and Simic, Visnja},
  journal={Computer Applications in Engineering Education},
  volume={19},
  number={3},
  pages={538--549},
  year={2011},
  publisher={Wiley Online Library},
}

@book{kelly2010lego,
  title={Lego Mindstorms NXT-G Programming Guide},
  author={Kelly, James Floyd},
  year={2007},
  publisher={Apress},
  pages={336},
}

@inproceedings{nguyen2011case,
  title={A case study on the usability of NXT-G programming language},
  author={Nguyen, Khuong A},
  booktitle={Proc. of 23rd Conf. in Psychology of Programming},
  year={2011}
}

@article{erwin2000lego,
  title={Lego engineer and robolab: Teaching engineering with labview from kindergarten to graduate school},
  author={Erwin, Ben and Cyr, Martha and Rogers, Chris},
  journal={International Journal of Engineering Education},
  volume={16},
  number={3},
  pages={181--192},
  year={2000},
  publisher={Tempus Publications IJEE},
}

@article{jackson2007microsoft,
  title={Microsoft robotics studio: A technical introduction},
  author={Jackson, Jared},
  journal={Robotics \& Automation Magazine, IEEE},
  volume={14},
  number={4},
  pages={82--87},
  year={2007},
  publisher={IEEE},
}

@misc{scherotter2009ccr,
  title={CCR at MySpace},
  author={{Michael S. Scherotter}},
  year={2009},
  url={http://channel9.msdn.com/Shows/Communicating/CCR-at-MySpace},
  urldate={2016-04-24},
  medium={electronic resource},
}

@article{resnick2009scratch,
  title={Scratch: programming for all},
  author={Resnick, Mitchel and Maloney, John and Monroy-Hern{\'a}ndez, Andr{\'e}s and Rusk, Natalie and Eastmond, Evelyn and Brennan, Karen and Millner, Amon and Rosenbaum, Eric and Silver, Jay and Silverman, Brian and others},
  journal={Communications of the ACM},
  volume={52},
  number={11},
  pages={60--67},
  year={2009},
  publisher={ACM},
}

@book{wolber2011app,
  title={App Inventor},
  author={Wolber, David and Abelson, Hal and Spertus, Ellen and Looney, Liz},
  year={2011},
  publisher={O'Reilly Media, Inc.},
}

@inproceedings{cross2013visual,
  title={A visual robot-programming environment for multidisciplinary education},
  author={Cross, James Dorian and Bartley, Christopher and Hamner, Emily and Nourbakhsh, Illah},
  booktitle={Robotics and Automation (ICRA), 2013 IEEE International Conference on},
  pages={445--452},
  year={2013},
  organization={IEEE},
}

@inproceedings{litvinov2015trikstudio,
	title={TRIK Studio: среда обучения программированию с применением роботов},
	author={Ю.В. Литвинов and Я.А. Кириленко},
	booktitle={V Всероссийская конференция «Современное технологическое обучение: от компьютера к роботу» (сборник тезисов)},
	location={СПб.},
	publisher={ЗАО «Полиграфическое предприятие № 3»},
	year={2015},
	pages={5--7},
}

@article{osechkina2010gestures,
  title={Поддержка жестов мышью в мета-CASE-системах},
  author={М.С. Осечкина and Т.А. Брыксин and Ю.В. Литвинов and Я.А. Кириленко},
  journal={Системное программирование},
  number={5},
  address={СПб.},
  publisher={Изд-во СПбГУ},
  year={2010},
  pages={52--75},
  language={russian},
}

@inproceedings{osechkina2012multistroke,
  title={Multistroke Mouse Gestures Recognition in QReal metaCASE Technology},
  author={Maria Osechkina and Yuri Litvinov and Timofey Bryksin},
  booktitle={SYRCoSE 2012: Proceedings of the 6th Spring/Summer Young Researchers’ Colloquium on Software Engineering},
  address={Perm},
  publisher={ISPRAS},
  year={2012},
  pages={194--200},
}

@inproceedings{biggs2003survey,
  title={A survey of robot programming systems},
  author={Biggs, Geoffrey and MacDonald, Bruce},
  booktitle={Proceedings of the Australasian conference on robotics and automation},
  pages={1--3},
  year={2003}
}

@inproceedings{powers2006tools,
  title={Tools for teaching introductory programming: what works?},
  author={Powers, Kris and Gross, Paul and Cooper, Steve and McNally, Myles and Goldman, Kenneth J and Proulx, Viera and Carlisle, Martin},
  booktitle={ACM SIGCSE Bulletin},
  volume={38},
  number={1},
  pages={560--561},
  year={2006},
  organization={ACM}
}
