@book{papert1980mindstorms,
 author = {S. Papert},
 title = {Mindstorms: Children, Computers, and Powerful Ideas},
 year = {1980},
 isbn = {0-465-04627-4},
 publisher = {Basic Books, Inc.},
 address = {New York, NY, USA},
 pages = {230},
} 

@article{portsmore1999robolab,
  title={ROBOLAB: Intuitive Robotic Programming Software to Support Life Long Learning},
  author={M. Portsmore},
  journal={APPLE Learning Technology Review},
  year={1999},
}

@misc{scherotter2009ccr,
  title={CCR at MySpace},
  author={{M.S. Scherotter}},
  year={2009},
  url={http://channel9.msdn.com/Shows/Communicating/CCR-at-MySpace},
  urldate={2016-04-24},
  medium={electronic resource},
}


@inproceedings{kodosky1991visual,
  title={Visual programming using structured data flow},
  author={J. Kodosky, J. MacCrisken, G. Rymar},
  booktitle={Visual Languages, 1991., Proceedings. 1991 IEEE Workshop on},
  pages={34--39},
  year={1991},
  organization={IEEE}
}

@article{stefanovic2011labview,
  title={A LabVIEW-based remote laboratory experiments for control engineering education},
  author={M. Stefanovic, V. Cvijetkovic, M. Matijevic, V. Simic},
  journal={Computer Applications in Engineering Education},
  volume={19},
  number={3},
  pages={538--549},
  year={2011},
  publisher={Wiley Online Library},
}

@article{cyr1997low,
  title={A low-cost, innovative methodology for teaching engineering through experimentation},
  author={M. Cyr, V. Miragila, T. Nocera, C. Rogers},
  address={Washington},
  journal={Journal of Engineering Education},
  volume={86},
  pages={167--172},
  year={1997},
  publisher={American Society for Engineering Education}
}

@inproceedings{diprose2011ruru,
  title={Ruru: A spatial and interactive visual programming language for novice robot programming},
  author={J.P. Diprose, B. A. MacDonald, J.G. Hosking},
  booktitle={Visual Languages and Human-Centric Computing (VL/HCC), 2011 IEEE Symposium on},
  pages={25--32},
  year={2011},
  organization={IEEE}
}

@article{erwin2000lego,
  title={Lego engineer and robolab: Teaching engineering with labview from kindergarten to graduate school},
  author={B. Erwin, M. Cyr, C. Rogers},
  journal={International Journal of Engineering Education},
  volume={16},
  number={3},
  pages={181--192},
  year={2000},
  publisher={Tempus Publications IJEE},
}

@article{johnston2004advances,
  title={Advances in dataflow programming languages},
  author={W.M. Johnston, J.R. Hanna, R.J. Millar},
  journal={ACM Computing Surveys (CSUR)},
  volume={36},
  number={1},
  pages={1--34},
  year={2004},
  publisher={ACM}
}

@article{resnick2009scratch,
  title={Scratch: programming for all},
  author={M. Resnick, J. Maloney, A. Monroy-Hern{\'a}ndez, N. Rusk, E. Eastmond, K. Brennan, A. Millner, E. Rosenbaum, J. Silver, B. Silverman, et al.},
  journal={Communications of the ACM},
  volume={52},
  number={11},
  pages={60--67},
  year={2009},
  publisher={ACM},
}

@article{jackson2007microsoft,
  title={Microsoft robotics studio: A technical introduction},
  author={J. Jackson},
  journal={Robotics \& Automation Magazine, IEEE},
  volume={14},
  number={4},
  pages={82--87},
  year={2007},
  publisher={IEEE},
}

@inproceedings{kirsanov2014robotics,
  title={Robotics reactive programming with F\#/Mono},
  author={A. Kirsanov, I. Kirilenko, K. Melentyev},
  booktitle={Proceedings of the 10th Central and Eastern European Software Engineering Conference in Russia},
  pages={16},
  year={2014},
  organization={ACM}
}

@article{koznov2008,
  title={Introduction in visual modeling},
  author={{D. Koznov}},
  journal={Publishing of Intuit.ru},
  year={2008},
  note={(in Russian)}
}

@article{qrealMeta,
  title={Tools for rapid development of domain-specific solutions in QReal metaCASE tool},
  author={{A. Kuzenkova, A. Deripaska, K. Taran, A. Podkopaev, Y. Litvinov, T. Bryksin}},
  journal={Scientific Bulletin of SPbSPU},
  pages={142},
  note={(in Russian)}
}

@inproceedings{kuzenkova2013qreal,
  title={QReal DSM platform-An Environment for Creation of Specific Visual IDEs},
  author={A. Kuzenkova, A. Deripaska, T. Bryksin, Y. Litvinov, V. Polyakov},
  booktitle={ENASE 2013 --- Proceedings of the 8th International Conference on Evaluation of Novel Approaches to Software Engineering},
  pages={205--211},
  year={2013},
  publisher={SciTePress},
  address={Setubal, Portugal}
}

@article{brooks1986robust,
  author={R. Brooks},
  title={A robust layered control system for a mobile robot},
  volume={2},
  DOI={10.1109/jra.1986.1087032},
  number={1},
  journal={IEEE J. Robot. Automat.},
  year={1986},
  pages={14-23}
}

@techreport{connell1989colony,
  title={A colony architecture for an artificial creature},
  author={J.H. Connell},
  year={1989},
  institution={DTIC Document}
}

@inproceedings{arkin1987motor,
  title={Motor schema based navigation for a mobile robot: An approach to programming by behavior},
  author={R.C. Arkin},
  booktitle={Robotics and Automation. Proceedings. 1987 IEEE International Conference on},
  volume={4},
  pages={264--271},
  year={1987},
  organization={IEEE}
}

@article{rosenblatt1997damn,
  title={DAMN: A distributed architecture for mobile navigation},
  author={J.K. Rosenblatt},
  journal={Journal of Experimental \& Theoretical Artificial Intelligence},
  volume={9},
  number={2-3},
  pages={339--360},
  year={1997},
  publisher={Taylor \& Francis}
}

@mastersthesis{banyasad2000visual,
  author={O. Banyasad}, 
  title={A Visual Programming Environment for Autonomous Robots},
  school={DalTech, Dalhousie University},
  year=2000,
  address={Halifax, Nova Scotia}
}

@book{steven1997advanced,
  title={Advanced compiler design implementation},
  author={S.S. Muchnick},
  year={1997},
  publisher={Morgan Kaufmann}
}

@article{derevenets2009structural,
  title={Structural analysis in decompilation},
  author={{E. Derevenets, E. Troshina}},
  journal={Applied Computer Science},
  number={4},
  year={2009},
  notes={(in Russian)}
}

@inproceedings{luchin2016intro,
  title={TRIK robotics platform: new challenges and new possibilities},
  author={{R. Luchin}},
  booktitle={Proceedings of IV Russian conference "Modern technological education: from a computer to a robot"},
  pages={36--38},
  year={2016},
  notes={(in Russian)}
}

@book{kelly2010lego,
  title={Lego Mindstorms NXT-G Programming Guide},
  author={J.F. Kelly},
  year={2007},
  publisher={Apress},
  pages={336},
}

@inproceedings{cross2013visual,
  title={A visual robot-programming environment for multidisciplinary education},
  author={J.D. Cross, C. Bartley, E. Hamner, I. Nourbakhsh},
  booktitle={2013 IEEE International Conference on Robotics and Automation (ICRA)},
  pages={445--452},
  year={2013},
  organization={IEEE},
}

@inproceedings{simpson2009toward,
  title={Toward Process Architectures for Behavioural Robotics.},
  author={J. Simpson, C.G. Ritson},
  booktitle={CPA},
  pages={375--386},
  year={2009}
}

@inproceedings{kress2007s,
  title={Where's Waldo? Sensor-based temporal logic motion planning},
  author={H. Kress-Gazit, G.E. Fainekos, G.J. Pappas},
  booktitle={2007 IEEE International Conference on Robotics and Automation (ICRA)},
  pages={3116--3121},
  year={2007},
  organization={IEEE}
}

@article{bugaichenko2007development,
  title={Development of formal methods for self-tuning multi-agent systems with timing limitations},
  author={{D. Bugaichenko}},
  journal={Saint Petersburg State University},
  volume={2010},
  year={2007},
  notes={(in Russian)}
}

@article{dmitriev2013adaptation,
  title={Adaptation of combined space-temporal logics for machine learning systems},
  author={{A. Dmitriev}},
  journal={Newsletter of Volgograd State Technological University},
  volume={16},
  number={8 (111)},
  year={2013},
  publisher={Volgograd State Technological University},
  notes={(in Russian)}
}

@book{dabney2004mastering,
  title={Mastering simulink},
  author={J.B. Dabney, T.L. Harman},
  year={2004},
  publisher={Pearson/Prentice Hall}
}

@article{yi2005labview,
  title={A LabVIEW-based, interactive virtual laboratory for electronic engineering education},
  author={Zh. Yi, J. Jian-Jun, F. Shao-Chun},
  journal={International Journal of Engineering Education},
  volume={21},
  number={1},
  pages={94--102},
  year={2005}
}

@book{valk2014lego,
  title={LEGO MINDSTORMS EV3 Discovery Book: A Beginner's Guide to Building and Programming Robots},
  author={L. Valk},
  year={2014},
  publisher={No Starch Press}
}

@misc{scratchduino,
  title = {{ScratchDuino --- education robotics}},
  url={http://www.scratchduino.ru/},
  urldate={2016-5-14},
  year={2016},
  notes={(in Russian)}
}

@misc{enchanting,
  title = {{Enchanting}},
  url={http://enchanting.robotclub.ab.ca/tiki-index.php},
  urldate={2016-5-14},
  year={2016}
}

@misc{blockly,
  title = {{Programming using Blockly}},
  url={http://blockly.ru/},
  urldate={2016-5-14},
  year={2016},
  notes={(in Russian)}
}

@inproceedings{jost2014graphical,
  title={Graphical Programming Environments for Educational Robots: Open Roberta-Yet Another One?},
  author={B. Jost, M. Ketterl, R. Budde, T. Leimbach},
  booktitle={Multimedia (ISM), 2014 IEEE International Symposium on},
  pages={381--386},
  year={2014},
  organization={IEEE}
}

@misc{mblock,
  title = {{mBlock}},
  url={http://www.mblock.cc/},
  urldate={2016-5-14},
  year={2016}
}

@misc{s4a,
  title = {{S4A}},
  url={http://s4a.cat/},
  urldate={2016-5-14},
  year={2016}
}

@inproceedings{wolber2011app,
  title={App inventor and real-world motivation},
  author={Wolber, David},
  booktitle={Proceedings of the 42nd ACM technical symposium on Computer science education},
  pages={601--606},
  year={2011},
  organization={ACM}
}

@misc{12blocks,
  title = {{12Blocks | OneRobot}},
  url={http://onerobot.org/products/12blocks/},
  urldate={2016-5-14},
  year={2016}
}

@misc{ardublock,
  title = {{Ardublock | A Graphical Programming Language for Arduino}},
  url={http://blog.ardublock.com/},
  urldate={2016-5-14},
  year={2016}
}

@inproceedings{mayerova2012pilot,
  title={Pilot activities: LEGO WeDo at primary school},
  author={K. Mayerov{\'a}},
  booktitle={3rd International Workshop, Teaching Robotics, Teaching with Robotics},
  pages={32--39},
  year={2012}
}

@inproceedings{chang2006incorporating,
  title={Incorporating the Fischertechnik bricks into undergraduate mechatronics courses},
  author={G.K. Chang, S.Y. Fan, R.L. Shue, W.S. Lu},
  booktitle={EE 2006, International Conference on Innovation, Good Practice and Research in Engineering Education},
  year={2006}
}

@misc{root,
  title = {{Root: Wyss Institute at Harvard}},
  url={http://http://wyss.harvard.edu/viewpage/629/},
  urldate={2016-5-14},
  year={2016}
}

@misc{wonder,
  title = {{Wonder Workshop | Wonder}},
  url={https://www.makewonder.com/apps/wonder},
  urldate={2016-5-14},
  year={2016}
}

@article{osechkina2010gestures,
  title={Mouse gestures recognition suport in meta-CASE tools},
  author={M. Osechkina, T. Bryksin, Y. Litvinov, I. Kirilenko},
  journal={Software Engineering},
  number={5},
  address={Saint Petersburg},
  publisher={Publishing of Saint Petersburg State University},
  year={2010},
  pages={52--75},
  notes={(in Russian)}
}

@inproceedings{osechkina2012multistroke,
  title={Multistroke Mouse Gestures Recognition in QReal metaCASE Technology},
  author={M. Osechkina, Y. Litvinov, T. Bryksin},
  booktitle={SYRCoSE 2012: Proceedings of the 6th Spring/Summer Young Researchers’ Colloquium on Software Engineering},
  address={Perm},
  publisher={ISPRAS},
  year={2012},
  pages={194--200},
}

@inproceedings{damas1982principal,
  title={Principal type-schemes for functional programs},
  author={L. Damas, R. Milner},
  booktitle={Proceedings of the 9th ACM SIGPLAN-SIGACT symposium on Principles of programming languages},
  pages={207--212},
  year={1982},
  organization={ACM}
}

@inproceedings{quigley2009ros,
  title={ROS: an open-source Robot Operating System},
  author={M. Quigley, K. Conley, B. Gerkey, J. Faust, T. Foote, J. Leibs, R. Wheeler, A.Y. Ng},
  booktitle={ICRA workshop on open source software},
  volume={3},
  number={3.2},
  pages={5},
  year={2009}
}

@inproceedings{rohmer2013v,
  title={V-REP: A versatile and scalable robot simulation framework},
  author={E. Rohmer, S. Singh, M. Freese},
  booktitle={Intelligent Robots and Systems (IROS), 2013 IEEE/RSJ International Conference on},
  pages={1321--1326},
  year={2013},
  organization={IEEE}
}

@article{terekhovTools,
  title={Russian tools for teaching programming},
  author={{A.N. Terekhov}},
  journal={Computer science technologies for the New School},
  pages={64},
  notes={(in Russian)}
}

@book{doliner2014basics,
  title={Introduction in PascalABC.NET programming},
  author={{L. Doliner}},
  year={2014},
  publisher={Publishing of Ural University},
  notes={(in Russian)}
}

@inproceedings{mordvinov2016testing,
  title={Testing robots programming environment},
  author={{D. Mordvinov, Y. Litvinov}},
  booktitle={Proceedings of International conference "Tools and methods of program analysis"},
  address={Saint Petersburg},
  publisher={Publishing of Saint Petersburg Polytechnic University},
  year={2015},
  pages={176--185},
  notes={(in Russian)}
}

@article{mordvinov2016formal,
  title={{Review of formal methods application in robotics}},
  author={{D. Mordvinov, Y. Litvinov}},
  journal={Scientific bulletin of SPbSPU. Computer science. Telecommunications. Control theory.},
  volume={2016. 1\' \(236\)},
  year={2016},
  pages={84--107},
  notes={(in Russian)}
}

@article{mordvinov2016NONPUBLISHED,
  title = {{Comparison of educational environments for robots programming}},
  author={{D. Mordvinov, Y. Litvinov}},
  journal={Computer aided tools in education},
  url={http://github.com/qreal/articles/tree/master/2016-robotsVisualProgrammingTools/robotsVisualProgrammingTools.pdf},
  volume={3},
  year={2016},
  address={СПб.},
  pages={32--49},
  notes={(in Russian)}
}

@article{terekhov2013sreda,
  title = {{QReal:Robots visual programming environment}},
  author={{A.N. Terekhov, T. Bryksin, Y. Litvinov}},
  journal={Proceedings of III Russian conference "Modern technological education: from a computer to a robot"},
  year={2013},
  address={СПб.},
  pages={2--5},
  notes={(in Russian)}
}

@article{zakharov2016web,
  title = {{QReal-web: a web-based tool for teaching robots programming}},
  author={{V. Zakharov}},
  journal={Proceedings of VI Russian conference "Modern technological education: from a computer to a robot"},
  year={2016},
  address={Saint Petersburg},
  pages={38--39},
  notes={(in Russian)}
}

@article{tikhonova2015generation,
  title = {{Code generation for metamodeling ``on the fly'' mode in QReal DSM platform}},
  author={{M. Tikhonova, Y. Litvinov}},
  journal={Proceedings of student conference ``Modern technologies in theory and practice of programming''},
  year={2015},
  address={Saint Petersburg},
  pages={53--54},
  notes={(in Russian)}
}

@inproceedings{bryksin2011ubiq,
  title={Ubiq Mobile + QReal: a Technology for Development of Distributed Mobile Services},
  author={T. Bryksin, Y. Litvinov, V. Onossovski, A.N. Terekhov},
  booktitle={10th Conference of Open Innovations Association FRUCT and the 2nd Finnish-Russian Mobile Linux Summit: Proceedings},
  location={СПб.},
  publisher={State University of Aerospace Instrumentation (SUAI)},
  year={2011},
  pages={27--35},
}

@conference{terekhov2013robots,
  author={A. Terekhov, Y. Litvinov, T. Bryksin},
  title={QReal:Robots - An environment for teaching computer science and robotics in schools},
  journal={ACM International Conference Proceeding Series},
  year={2013},
  volume={2013-October},
  doi={10.1145/2556610.2591506},
  document_type={Conference Paper},
  source={Scopus},
}
