@book{papert1980mindstorms,
 author = {Papert, Seymour},
 title = {Mindstorms: Children, Computers, and Powerful Ideas},
 year = {1980},
 isbn = {0-465-04627-4},
 publisher = {Basic Books, Inc.},
 address = {New York, NY, USA},
 pages = {230},
} 

@article{litvinov2013robots,
  title={Реализация визуальных средств программирования роботов для изучения информатики в школах},
  author={Ю.В. Литвинов},
  journal={Компьютерные инструменты в образовании},
  number={1},
  address={СПб.},
  year={2013},
  pages={36--45},
  language={russian},
}

@article{portsmore1999robolab,
  title={ROBOLAB: Intuitive Robotic Programming Software to Support Life Long Learning},
  author={Portsmore, M.},
  journal={APPLE Learning Technology Review},
  year={1999},
}

@misc{scherotter2009ccr,
  title={CCR at MySpace},
  author={{Michael S. Scherotter}},
  year={2009},
  url={http://channel9.msdn.com/Shows/Communicating/CCR-at-MySpace},
  urldate={2016-04-24},
  medium={electronic resource},
}


@inproceedings{kodosky1991visual,
  title={Visual programming using structured data flow},
  author={Kodosky, Jeffrey and MacCrisken, Jack and Rymar, Gary},
  booktitle={Visual Languages, 1991., Proceedings. 1991 IEEE Workshop on},
  pages={34--39},
  year={1991},
  organization={IEEE}
}

@article{stefanovic2011labview,
  title={A LabVIEW-based remote laboratory experiments for control engineering education},
  author={Stefanovic, Miladin and Cvijetkovic, Vladimir and Matijevic, Milan and Simic, Visnja},
  journal={Computer Applications in Engineering Education},
  volume={19},
  number={3},
  pages={538--549},
  year={2011},
  publisher={Wiley Online Library},
}

@article{cyr1997low,
  title={A low-cost, innovative methodology for teaching engineering through experimentation},
  author={Cyr, M. and Miragila, V. and Nocera, T. and Rogers, C.},
  address={Washington},
  journal={Journal of Engineering Education},
  volume={86},
  pages={167--172},
  year={1997},
  publisher={American Society for Engineering Education}
}

@inproceedings{diprose2011ruru,
  title={Ruru: A spatial and interactive visual programming language for novice robot programming},
  author={Diprose, James P and MacDonald, Bruce A and Hosking, John G},
  booktitle={Visual Languages and Human-Centric Computing (VL/HCC), 2011 IEEE Symposium on},
  pages={25--32},
  year={2011},
  organization={IEEE}
}

@article{erwin2000lego,
  title={Lego engineer and robolab: Teaching engineering with labview from kindergarten to graduate school},
  author={Erwin, Ben and Cyr, Martha and Rogers, Chris},
  journal={International Journal of Engineering Education},
  volume={16},
  number={3},
  pages={181--192},
  year={2000},
  publisher={Tempus Publications IJEE},
}

@article{portsmore1999robolab,
  title={ROBOLAB: Intuitive Robotic Programming Software to Support Life Long Learning},
  author={Portsmore, M.},
  journal={APPLE Learning Technology Review},
  year={1999},
}

@article{johnston2004advances,
  title={Advances in dataflow programming languages},
  author={Johnston, Wesley M and Hanna, JR and Millar, Richard J},
  journal={ACM Computing Surveys (CSUR)},
  volume={36},
  number={1},
  pages={1--34},
  year={2004},
  publisher={ACM}
}

@article{resnick2009scratch,
  title={Scratch: programming for all},
  author={Resnick, Mitchel and Maloney, John and Monroy-Hern{\'a}ndez, Andr{\'e}s and Rusk, Natalie and Eastmond, Evelyn and Brennan, Karen and Millner, Amon and Rosenbaum, Eric and Silver, Jay and Silverman, Brian and others},
  journal={Communications of the ACM},
  volume={52},
  number={11},
  pages={60--67},
  year={2009},
  publisher={ACM},
}

@article{jackson2007microsoft,
  title={Microsoft robotics studio: A technical introduction},
  author={Jackson, Jared},
  journal={Robotics \& Automation Magazine, IEEE},
  volume={14},
  number={4},
  pages={82--87},
  year={2007},
  publisher={IEEE},
}

@inproceedings{kirsanov2014robotics,
  title={Robotics reactive programming with F\#/Mono},
  author={Kirsanov, Alexander and Kirilenko, Iakov and Melentyev, Kirill},
  booktitle={Proceedings of the 10th Central and Eastern European Software Engineering Conference in Russia},
  pages={16},
  year={2014},
  organization={ACM}
}

@article{koznov2008,
  title={Основы визуального моделирования},
  author={Кознов, Дмитрий Владимирович},
  journal={М.: Изд-во Интернетуниверситета информационных технологий, ИНТУИТ. ру, БИНОМ, Лаборатория знаний},
  year={2008}
}

@article{qrealMeta,
  title={Средства быстрой разработки предметно-ориентированных решений в metaCASE-средстве QReal},
  author={Кузенкова, АС and Дерипаска, АО and Таран, КС and Подкопаев, АВ and Литвинов, ЮВ and Брыксин, ТА},
  journal={Научно-технические ведомости СПбГПУ},
  pages={142}
}

@inproceedings{kuzenkova2013qreal,
  title={QReal DSM platform-An Environment for Creation of Specific Visual IDEs},
  author={Kuzenkova, Anastasiia and Deripaska, Anna and Bryksin, Timofey and Litvinov, Yurii and Polyakov, Vladimir},
  booktitle={ENASE 2013 --- Proceedings of the 8th International Conference on Evaluation of Novel Approaches to Software Engineering},
  pages={205--211},
  year={2013},
  publisher={SciTePress},
  address={Setubal, Portugal}
}

@article{brooks1986robust,
author={Brooks, R.},
title={A robust layered control system for a mobile robot},
volume={2},
DOI={10.1109/jra.1986.1087032},
number={1},
journal={IEEE J. Robot. Automat.},
year={1986},
pages={14-23}
}

@techreport{connell1989colony,
  title={A colony architecture for an artificial creature},
  author={Connell, Jonathan H},
  year={1989},
  institution={DTIC Document}
}

@inproceedings{arkin1987motor,
  title={Motor schema based navigation for a mobile robot: An approach to programming by behavior},
  author={Arkin, Ronald C},
  booktitle={Robotics and Automation. Proceedings. 1987 IEEE International Conference on},
  volume={4},
  pages={264--271},
  year={1987},
  organization={IEEE}
}

@article{rosenblatt1997damn,
  title={DAMN: A distributed architecture for mobile navigation},
  author={Rosenblatt, Julio K},
  journal={Journal of Experimental \& Theoretical Artificial Intelligence},
  volume={9},
  number={2-3},
  pages={339--360},
  year={1997},
  publisher={Taylor \& Francis}
}

@mastersthesis{banyasad2000visual,
  author       = {Omid Banyasad}, 
  title        = {A Visual Programming Environment for Autonomous Robots},
  school       = {DalTech, Dalhousie University},
  year         = 2000,
  address      = {Halifax, Nova Scotia}
}
